<record><leader>00000cas a22000007a 4500</leader><controlfield tag="001">16397500</controlfield><controlfield tag="008">870806d19uu1973msuwr ne      0    0eng d</controlfield><datafield ind1=" " ind2=" " tag="010"><subfield code="a">sn 87065621 </subfield></datafield><datafield ind1=" " ind2=" " tag="040"><subfield code="a">MJA</subfield><subfield code="b">eng</subfield><subfield code="c">MJA</subfield><subfield code="d">MSJ</subfield><subfield code="d">OCLCQ</subfield></datafield><datafield ind1=" " ind2=" " tag="042"><subfield code="a">msc</subfield></datafield><datafield ind1="0" ind2="4" tag="245"><subfield code="a">The Sumner sentinel.</subfield></datafield><datafield ind1=" " ind2=" " tag="260"><subfield code="a">Sumner, Tallahatchie Co., Miss. :</subfield><subfield code="b">Brown Bros.,</subfield><subfield code="c">-1973.</subfield></datafield><datafield ind1=" " ind2=" " tag="310"><subfield code="a">Weekly</subfield></datafield><datafield ind1="0" ind2=" " tag="362"><subfield code="a">-v. 63, no. 51 (June 28, 1973).</subfield></datafield><datafield ind1=" " ind2=" " tag="588"><subfield code="a">Description based on: Vol. 28, no. 15 (Nov. 19, 1936).</subfield></datafield><datafield ind1=" " ind2=" " tag="752"><subfield code="a">United States</subfield><subfield code="b">Mississippi</subfield><subfield code="c">Tallahatchie</subfield><subfield code="d">Sumner.</subfield></datafield><datafield ind1="0" ind2="0" tag="780"><subfield code="t">Herald progress</subfield></datafield><datafield ind1="0" ind2="7" tag="785"><subfield code="t">Mississippi sun</subfield><subfield code="w">(OCoLC)14878624</subfield></datafield><datafield ind1="0" ind2="7" tag="785"><subfield code="t">Mississippi sun and the Sumner sentinel</subfield><subfield code="w">(OCoLC)14878799</subfield></datafield></record>